<record><leader>01272nam a2200373 i 4500</leader><controlfield tag="001">6785913</controlfield><controlfield tag="003">StDuBDS</controlfield><controlfield tag="008">141126t20152016mau    f      001|0 eng d</controlfield><datafield ind1=" " ind2=" " tag="010"><subfield code="a">2014938526</subfield></datafield><datafield ind1=" " ind2=" " tag="020"><subfield code="a">9781285052472 (paperback)</subfield></datafield><datafield ind1=" " ind2=" " tag="020"><subfield code="a">1285052471 (paperback)</subfield></datafield><datafield ind1=" " ind2=" " tag="035"><subfield code="a">ocn898154310</subfield></datafield><datafield ind1=" " ind2=" " tag="040"><subfield code="a">StDuBDS</subfield><subfield code="b">eng</subfield><subfield code="c">StDuBDS</subfield><subfield code="d">NNfCLS</subfield><subfield code="e">rda</subfield><subfield code="d">AEGMCT</subfield></datafield><datafield ind1=" " ind2="0" tag="050"><subfield code="a">PE1112</subfield><subfield code="b">.K435 2015</subfield></datafield><datafield ind1="0" ind2="4" tag="082"><subfield code="a">808'.042</subfield><subfield code="2">23</subfield></datafield><datafield ind1=" " ind2=" " tag="090"><subfield code="a">PE1112 .K435 2015</subfield><subfield code="b">AEGMCT</subfield></datafield><datafield ind1="1" ind2=" " tag="100"><subfield code="a">Kessler, Lauren,</subfield><subfield code="e">author.</subfield></datafield><datafield ind1="1" ind2="0" tag="245"><subfield code="a">When words collide :</subfield><subfield code="b">a media writer's guide to grammar and style /</subfield><subfield code="c">Lauren Kessler, Duncan McDonald.</subfield></datafield><datafield ind1=" " ind2=" " tag="250"><subfield code="a">Ninth edition.</subfield></datafield><datafield ind1=" " ind2="1" tag="264"><subfield code="a">Boston, MA :</subfield><subfield code="b">Cengage Learning,</subfield><subfield code="c">[2015]</subfield></datafield><datafield ind1=" " ind2="4" tag="264"><subfield code="c">&#169;2016</subfield></datafield><datafield ind1=" " ind2=" " tag="300"><subfield code="a">xi, 207 pages ;</subfield><subfield code="c">25 cm</subfield></datafield><datafield ind1=" " ind2=" " tag="336"><subfield code="a">text</subfield><subfield code="b">txt</subfield><subfield code="2">rdacontent</subfield></datafield><datafield ind1=" " ind2=" " tag="337"><subfield code="a">unmediated</subfield><subfield code="b">n</subfield><subfield code="2">rdamedia</subfield></datafield><datafield ind1=" " ind2=" " tag="338"><subfield code="a">volume</subfield><subfield code="b">nc</subfield><subfield code="2">rdacarrier</subfield></datafield><datafield ind1=" " ind2=" " tag="500"><subfield code="a">Previous edition: 2012.</subfield></datafield><datafield ind1=" " ind2=" " tag="500"><subfield code="a">Includes index.</subfield></datafield><datafield ind1=" " ind2=" " tag="596"><subfield code="a">29</subfield></datafield><datafield ind1=" " ind2="0" tag="650"><subfield code="a">English language</subfield><subfield code="x">Grammar.</subfield></datafield><datafield ind1=" " ind2="0" tag="650"><subfield code="a">Journalism</subfield><subfield code="v">Style manuals.</subfield></datafield><datafield ind1=" " ind2="0" tag="650"><subfield code="a">Journalism</subfield><subfield code="x">Authorship.</subfield></datafield><datafield ind1=" " ind2="0" tag="650"><subfield code="a">Mass media</subfield><subfield code="x">Authorship.</subfield></datafield><datafield ind1="1" ind2=" " tag="700"><subfield code="a">McDonald, Duncan,</subfield><subfield code="d">1945-</subfield><subfield code="e">author.</subfield></datafield><datafield ind1=" " ind2=" " tag="926"><subfield code="a">PE1112 .K435 2015</subfield><subfield code="w">LC</subfield><subfield code="c">1</subfield><subfield code="i">1007405424</subfield><subfield code="d">3/27/2015</subfield><subfield code="l">ON_SHELF</subfield><subfield code="m">GR_MACEWAN</subfield><subfield code="p">$155.95</subfield><subfield code="r">Y</subfield><subfield code="s">Y</subfield><subfield code="t">BOOK</subfield><subfield code="u">3/23/2015</subfield></datafield></record>